@online{ns3prpmod,
  author = {NS-3},
  title = {Propagation Models},
  url = {https://www.nsnam.org/docs/release/3.39/models/html/propagation.html},
  urldate = {2019-05-01},
  year = {2019}

}